@article{KATAKUSE1985229,
title = "Mass distributions of copper, silver and gold clusters and electronic shell structure",
journal = "International Journal of Mass Spectrometry and Ion Processes",
volume = "67",
number = "2",
pages = "229 - 236",
year = "1985",
issn = "0168-1176",
doi = "https://doi.org/10.1016/0168-1176(85)80021-5",
url = "http://www.sciencedirect.com/science/article/pii/0168117685800215",
author = "I. Katakuse and T. Ichihara and Y. Fujita and T. Matsuo and T. Sakurai and H. Matsuda"
}




@book{livro_cap16_Misra2012527,
title = "Chapter 16 - Metallic Nanoclusters ",
editor = "Misra, Prasanta K. ",
booktitle = "Physics of Condensed Matter ",
publisher = "Academic Press",
edition = "",
address = "Boston",
year = "2012",
pages = "527 - 566",
isbn = "978-0-12-384954-0",
doi = "https://doi.org/10.1016/B978-0-12-384954-0.00016-5",
url = "https://www.sciencedirect.com/science/article/pii/B9780123849540000165",
author = "Prasanta K. Misra"
}

@book{livro_Clusters_Fullerenes,
title = "Chapter 6 - The Electronic Structure of Alkali and Noble Metal Clusters ",
editor = "Klaus D. Sattler",
booktitle = "Handbook of Nanophysics, Clusters and Fullerenes ",
publisher = "A CRC title",
edition = "",
address = "",
year = "2011",
pages = "98 - 116",
isbn = "978-1-4200-7554-0",
doi = "",
url = "",
author = "Bernd v. Issendorff"
}


@book{cap06_Nanophysics,
  title={Handbook of Nanophysics: Clusters and Fullerenes},
  author={Sattler, K.D.},
  isbn={9781420075557},
  lccn={2009047135},
  series={Handbook of Nanophysics},
  year={2010},
  publisher={CRC Press}
}







@book{livro_cluster,
  author    = {Hellmut Haberland}, 
  title     = {Clusters of Atoms
and Molecules - Theory, Experiment, and Clusters of Atoms},
  publisher = {Springer-Verlag Berlin Heidelberg},
  year      = {1994},
  volume    = {I},
  isbn      = {978-3-642-84331-0}
}

@BOOK{dissertacao_artur,
AUTHOR = {Artur Domingues Tavares de Sá},
TITLE = {Desenvolvimento de uma fonte de Nano-agregados metálicos},
PUBLISHER = {Universidade Estadual de Campinas},
YEAR = {2009},
ADDRESS = {Campinas, SP},
}

@BOOK{dissertacao_anderson,
AUTHOR = {Anderson Silva Chaves},
TITLE = {Estudo teórico das propriedades
estruturais, eletrônicas e reatividade de
clusters de metais de transição},
PUBLISHER = {Universidade de São Paulo - Instituto de Física de São Carlos},
YEAR = {2015},
ADDRESS = {São Carlos, SP},
}





@article{ref_artigo_foca,
author = {Artur Domingues Tavares de Sá and Vitor Toshiyuki Abrao Oiko and Giulia di Domenicantonio and Varlei Rodrigues},
title = {New experimental setup for metallic clusters production based on hollow cylindrical magnetron sputtering},
journal = {Journal of Vacuum Science \& Technology B, Nanotechnology and Microelectronics: Materials, Processing, Measurement, and Phenomena},
volume = {32},
number = {6},
pages = {061804},
year = {2014},
doi = {10.1116/1.4900847},
URL = {https://doi.org/10.1116/1.4900847},
eprint = {https://doi.org/10.1116/1.4900847  }
}





@article{jellium,
  title = {The physics of simple metal clusters: self-consistent jellium model and semiclassical approaches},
  author = {Brack, Matthias},
  journal = {Rev. Mod. Phys.},
  volume = {65},
  issue = {3},
  pages = {677--732},
  numpages = {0},
  year = {1993},
  month = {Jul},
  publisher = {American Physical Society},
  doi = {10.1103/RevModPhys.65.677},
  url = {https://link.aps.org/doi/10.1103/RevModPhys.65.677}
}



@article{magic_1B,
title = "New magic numbers in metallic clusters: an unexpected metal dependence",
journal = "Surface Science",
volume = "383",
number = "1",
pages = "L719 - L727",
year = "1997",
issn = "0039-6028",
doi = "https://doi.org/10.1016/S0039-6028(97)00226-4",
url = "http://www.sciencedirect.com/science/article/pii/S0039602897002264",
author = "C. Mottet and G. Tréglia and B. Legrand",
keywords = "Cluster, Copper, Gold, Molecular dynamics, Semi-empirical models and model calculations, Silver"
}

@article{estrutura_clusters_prata,
author = {René Fournier},
title = {Theoretical study of the structure of silver clusters},
journal = {The Journal of Chemical Physics},
volume = {115},
number = {5},
pages = {2165-2177},
year = {2001},
doi = {10.1063/1.1383288},

URL = {https://doi.org/10.1063/1.1383288 },
eprint = {https://doi.org/10.1063/1.1383288 
}

}




@article{ energetic_thermodynamic,
  title = {Structural properties of nanoclusters: Energetic, thermodynamic, and kinetic effects},
  author = {Baletto, Francesca and Ferrando, Riccardo},
  journal = {Rev. Mod. Phys.},
  volume = {77},
  issue = {1},
  pages = {371--423},
  numpages = {0},
  year = {2005},
  month = {May},
  publisher = {American Physical Society},
  doi = {10.1103/RevModPhys.77.371},
  url = {https://link.aps.org/doi/10.1103/RevModPhys.77.371}
}



@Article{ semicondutores,
	title = {Dilute magnetic semiconductors: Functional ferromagnets},
  author = {Dietl, Tomasz},
  journal = {Nature Materials},
  volume = {2},
  issue = {1},
  pages = {646},
  numpages = {0},
  year = {2003},
  month = {10},
  publisher = {Nature Publishing Group},
  doi = {10.1038/nmat989},
  url = {http://dx.doi.org/10.1038/nmat989}
}



@Article{ artigo_daniel,
	author = "Jonathon Shlens",
    title =  "A Tutorial on Principal Component Analysis",
	year = "2005"
}



@Article{ Brack,
	author = "M. Brack",
	journal = "Rev. Mod. Phys.",
	pages = "677",
	volume = "65",
	year = "1993"
}

@Article{ Heer,
	author = "W. A. {de Heer}",
	journal = "Rev. Mod. Phys.",
	pages = "611",
	volume = "65",
	year = "1993"
}

@Article{catalise,
author =   {Alexis T. Bell },
title =    {The Impact of Nanoscience on Heterogeneous Catalysis},
journal =  Science,
year =     2003,
volume =  Vol. 299,
month =    {Março}
}

@article{antimicrobial_effects,
title = "Antimicrobial effects of silver nanoparticles",
journal = "Nanomedicine: Nanotechnology, Biology and Medicine",
volume = "3",
number = "1",
pages = "95 - 101",
year = "2007",
issn = "1549-9634",
doi = "https://doi.org/10.1016/j.nano.2006.12.001",
url = "http://www.sciencedirect.com/science/article/pii/S1549963406003467",
author = "Jun Sung Kim and Eunye Kuk and Kyeong Nam Yu and Jong-Ho Kim and Sung Jin Park and Hu Jang Lee and So Hyun Kim and Young Kyung Park and Yong Ho Park and Cheol-Yong Hwang and Yong-Kwon Kim and Yoon-Sik Lee and Dae Hong Jeong and Myung-Haing Cho",
keywords = "Ag nanoparticle, Antimicrobial effects"
}



@Article{drug_delivery,
author =   {Tarek M.Fahmy, Peter M.Fong, Amit Goyal,W. Mark Saltzman},
title =    {Targeted for drug delivery},
journal =  Materials Today,
year =     2005,
volume =  Vol. 8,
month =    {Agosto}
}

@book{livro_vitor,
  title={Gas-Phase Synthesis of Nanoparticles},
  author={Huttel, Y.},
  isbn={9783527340606},
  url={https://books.google.com.br/books?id=BuKVrgEACAAJ},
  year={2017},
  publisher={Wiley}
}


@book{capitulo_livro_shell,
title = "Chapter 2 Shell Models of Isolated Clusters",
editor = "John A. Blackman",
series = "Handbook of Metal Physics",
publisher = "Elsevier",
volume = "5",
pages = "17 - 47",
year = "2008",
booktitle = "Metallic Nanoparticles",
issn = "1570-002X",
doi = "https://doi.org/10.1016/S1570-002X(08)00202-4",
url = "http://www.sciencedirect.com/science/article/pii/S1570002X08002024",
author = "J.A. Blackman",
keywords = "Electronic Shell Model, Geometric Shell Model, Supershells, Wulff Construction, Cluster Melting"
}




@BOOK{tese_artur,
AUTHOR = {Artur Domingues Tavares de Sá},
TITLE = {Nano-agregados metálicos: Produção e propriedades magnéticas},
PUBLISHER = {Universidade Estadual de Campinas},
YEAR = {2013},
ADDRESS = {Campinas, SP},
}

@BOOK{dissertacao_kevin,
AUTHOR = {Kevin Liu Rodrigues},
TITLE = {Espectroscopia de capacitância de
nanoagregados selecionados em massa},
PUBLISHER = {Universidade Estadual de Campinas},
YEAR = {2015},
ADDRESS = {Campinas, SP},
}



@Misc{bulk,

title =    {O que é uma nanopartícula ?},
howpublished = {\url{http://lqes.iqm.unicamp.br/canal_cientifico/lqes_responde/lqes_responde_nanoparticula.html}},
year = {acesso 16/11/2017}
}





@Article{ Brack,
	author = "M. Brack",
	journal = "Rev. Mod. Phys.",
	pages = "677",
	volume = "65",
	year = "1993"
}

@Article{ Heer,
	author = "W. A. de Heer",
	journal = "Rev. Mod. Phys.",
	pages = "611",
	volume = "65",
	year = "1993"
}

@article{electronic_Shell_sodium,
  title = {Electronic Shell Structure and Abundances of Sodium Clusters},
  author = {Knight, W. D. and Clemenger, Keith and de Heer, Walt A. and Saunders, Winston A. and Chou, M. Y. and Cohen, Marvin L.},
  journal = {Phys. Rev. Lett.},
  volume = {52},
  issue = {24},
  pages = {2141--2143},
  numpages = {0},
  year = {1984},
  month = {Jun},
  publisher = {American Physical Society},
  doi = {10.1103/PhysRevLett.52.2141},
  url = {https://link.aps.org/doi/10.1103/PhysRevLett.52.2141}
}



